<?xml version="1.0" encoding="utf-8"?>
<record xmlns="http://www.loc.gov/MARC21/slim" xmlns:xsi="http://www.w3.org/2001/XMLSchema-instance" xsi:schemaLocation="http://www.loc.gov/MARC21/slim http://www.loc.gov/standards/marcxml/schema/MARC21slim.xsd">
	<leader>     nam a22     Mi 4500</leader>
	<controlfield tag="001">b11854583</controlfield>
	<controlfield tag="003">UaCaAUL</controlfield>
	<controlfield tag="006">m        d        </controlfield>
	<controlfield tag="007">cr cn |||m|||a</controlfield>
	<controlfield tag="008">200214s1934    ua      o     001 0 ara d</controlfield>
	<datafield ind1=" " ind2=" " tag="040">
		<subfield code="a">ZYU</subfield>
		<subfield code="b">ara</subfield>
		<subfield code="e">rda</subfield>
		<subfield code="c">ZYU</subfield>
	</datafield>
	<datafield ind1=" " ind2="4" tag="050">
		<subfield code="a">PJ7700</subfield>
		<subfield code="b">.J3 1934</subfield>
	</datafield>
	<datafield ind1=" " ind2=" " tag="084">
		<subfield code="a">892.7132</subfield>
		<subfield code="2">22</subfield>
	</datafield>
	<datafield ind1="0" ind2=" " tag="100">
		<subfield code="6">880-01</subfield>
		<subfield code="a">Jarīr ibn ʻAṭīyah,</subfield>
		<subfield code="d">-728?</subfield>
	</datafield>
	<datafield ind1="1" ind2="0" tag="240">
		<subfield code="6">880-02</subfield>
		<subfield code="a">Dīwān Jarīr.</subfield>
	</datafield>
	<datafield ind1="1" ind2="0" tag="245">
		<subfield code="6">880-03</subfield>
		<subfield code="a">Sharḥ Dīwān Jarīr /</subfield>
		<subfield code="c">taʼlīf Muḥammad Ismāʻīl ʻAbd Allāh al-Ṣāwī.</subfield>
	</datafield>
	<datafield ind1="3" ind2="0" tag="246">
		<subfield code="6">880-04</subfield>
		<subfield code="a">Dīwān Jarīr.</subfield>
	</datafield>
	<datafield ind1=" " ind2=" " tag="250">
		<subfield code="6">880-05</subfield>
		<subfield code="a">al-Ṭabʻah al-ūlá.</subfield>
	</datafield>
	<datafield ind1=" " ind2="1" tag="264">
		<subfield code="6">880-06</subfield>
		<subfield code="a">Miṣr :</subfield>
		<subfield code="b">Yuṭlabu min al-Maktabah al-Tijārīyah al-Kubrá bi-awwal shāriʻ Muḥammad ʻAlī bi-Miṣr, li-ṣāḥibihā Muṣṭafá Muḥammad,</subfield>
		<subfield code="c">[1353] [1934]</subfield>
	</datafield>
	<datafield ind1=" " ind2="3" tag="264">
		<subfield code="6">880-07</subfield>
		<subfield code="a">[Cairo, Egypt] :</subfield>
		<subfield code="b">Maṭbaʻat al-Ṣāwī, bi-shāriʻ al-Khalīj al-Miṣrī, tijāh al-Jamʻīyah al-Khayrīyah al-Islāmīyah.</subfield>
	</datafield>
	<datafield ind1=" " ind2=" " tag="300">
		<subfield code="a">online resource (16, 607 pages)</subfield>
	</datafield>
	<datafield ind1=" " ind2=" " tag="336">
		<subfield code="a">text</subfield>
		<subfield code="2">rdacontent</subfield>
	</datafield>
	<datafield ind1=" " ind2=" " tag="337">
		<subfield code="a">computer</subfield>
		<subfield code="2">rdamedia</subfield>
	</datafield>
	<datafield ind1=" " ind2=" " tag="338">
		<subfield code="a">online resource</subfield>
		<subfield code="2">rdacarrier</subfield>
	</datafield>
	<datafield ind1=" " ind2=" " tag="500">
		<subfield code="6">880-08</subfield>
		<subfield code="a">Muḍāfan ilayhi tafsīrāt al-ʻālim al-lughawī Abī Jaʻfar Muḥammad ibn Ḥabīb.</subfield>
	</datafield>
	<datafield ind1=" " ind2=" " tag="500">
		<subfield code="6">880-09</subfield>
		<subfield code="a">Ḥaqq al-ṭabʻ maḥfūẓ.</subfield>
	</datafield>
	<datafield ind1=" " ind2=" " tag="500">
		<subfield code="6">880-10</subfield>
		<subfield code="a">&quot;Wa-qad wāfaqa al-farāgh min ṭabʻihi ṣabīḥat usriya bi-rasūla Allāh ṣallá Allāhu ʻalayhi wa-sallam yawm al-sābiʻ wa-al-ʻishrīn min shahr al-Muḥarram min ʻām 1353 Hijrīyah&quot;--Colophon.</subfield>
	</datafield>
	<datafield ind1=" " ind2=" " tag="500">
		<subfield code="a">Includes indexes.</subfield>
	</datafield>
	<datafield ind1=" " ind2=" " tag="500">
		<subfield code="a">Part of the Arabic Collections Online (ACO) project, contributed by American University in Cairo Library.</subfield>
	</datafield>
	<datafield ind1=" " ind2=" " tag="533">
		<subfield code="a">Electronic reproduction.</subfield>
		<subfield code="b">New York, N.Y. :</subfield>
		<subfield code="c">New York University,</subfield>
		<subfield code="d">2020.</subfield>
		<subfield code="5">NNU</subfield>
	</datafield>
	<datafield ind1="0" ind2="0" tag="600">
		<subfield code="a">Jarīr ibn ʻAṭīyah,</subfield>
		<subfield code="d">-728</subfield>
		<subfield code="x">Criticism and interpretation.</subfield>
	</datafield>
	<datafield ind1="0" ind2="7" tag="600">
		<subfield code="a">Jarīr ibn ʻAṭīyah,</subfield>
		<subfield code="d">-728?</subfield>
		<subfield code="2">fast</subfield>
		<subfield code="0">(OCoLC)fst01826901</subfield>
	</datafield>
	<datafield ind1=" " ind2="7" tag="655">
		<subfield code="a">Criticism, interpretation, etc.</subfield>
		<subfield code="2">fast</subfield>
		<subfield code="0">(OCoLC)fst01411635</subfield>
	</datafield>
	<datafield ind1="1" ind2=" " tag="700">
		<subfield code="6">880-11</subfield>
		<subfield code="a">Ṣāwī, Muḥammad Ismāʻīl ʻAbd Allāh.</subfield>
	</datafield>
	<datafield ind1="0" ind2=" " tag="700">
		<subfield code="6">880-12</subfield>
		<subfield code="a">Muḥammad ibn Ḥabīb,</subfield>
		<subfield code="d">-860.</subfield>
	</datafield>
	<datafield ind1="2" ind2=" " tag="710">
		<subfield code="a">American University in Cairo.</subfield>
		<subfield code="b">Library.</subfield>
	</datafield>
	<datafield ind1="0" ind2=" " tag="730">
		<subfield code="a">Arabic Collections Online.</subfield>
	</datafield>
	<datafield ind1="0" ind2="8" tag="776">
		<subfield code="i">Print version:</subfield>
		<subfield code="a">Jarīr ibn ʻAṭīyah, -728?</subfield>
		<subfield code="t">Sharḥ Dīwān Jarīr</subfield>
		<subfield code="w">(UaCaAUL)b11854583</subfield>
		<subfield code="w">(OCoLC)27857107</subfield>
	</datafield>
	<datafield ind1="4" ind2="0" tag="856">
		<subfield code="u">http://hdl.handle.net/2333.1/k3j9kpm3</subfield>
	</datafield>
	<datafield ind1="0" ind2=" " tag="880">
		<subfield code="6">100-01</subfield>
		<subfield code="a">جرير بن عطية،</subfield>
		<subfield code="d">-728؟</subfield>
	</datafield>
	<datafield ind1="1" ind2="0" tag="880">
		<subfield code="6">240-02</subfield>
		<subfield code="a">ديوان جرير.</subfield>
	</datafield>
	<datafield ind1="1" ind2="0" tag="880">
		<subfield code="6">245-03</subfield>
		<subfield code="a">شرح ديوان جرير /</subfield>
		<subfield code="c">تأليف محمد إسماعيل عبد الله الصاوي.</subfield>
	</datafield>
	<datafield ind1="3" ind2="0" tag="880">
		<subfield code="6">246-04</subfield>
		<subfield code="a">ديوان جرير.</subfield>
	</datafield>
	<datafield ind1=" " ind2=" " tag="880">
		<subfield code="6">250-05</subfield>
		<subfield code="a">الطبعة الأولى.</subfield>
	</datafield>
	<datafield ind1=" " ind2="1" tag="880">
		<subfield code="6">264-06</subfield>
		<subfield code="a">مصر :</subfield>
		<subfield code="b">يطلب من المكتبة التجارية الكبرى بأول شارع محمد علي بمصر، لصاحبها مصطفى محمد،</subfield>
		<subfield code="c">[1353] [1934]</subfield>
	</datafield>
	<datafield ind1=" " ind2="3" tag="880">
		<subfield code="6">264-07</subfield>
		<subfield code="a">[Cairo, Egypt] :</subfield>
		<subfield code="b">مطبعة الصاوي، بشارع الخليج المصري، تجاه الجمعية الخيرية الاسلامية.</subfield>
	</datafield>
	<datafield ind1=" " ind2=" " tag="880">
		<subfield code="6">500-08</subfield>
		<subfield code="a">مضافا إليه تفسيرات العالم اللغوي أبي جعفر محمد بن حبيب.</subfield>
	</datafield>
	<datafield ind1=" " ind2=" " tag="880">
		<subfield code="6">500-09</subfield>
		<subfield code="a">حق الطبع محفوظ.</subfield>
	</datafield>
	<datafield ind1=" " ind2=" " tag="880">
		<subfield code="6">500-10</subfield>
		<subfield code="a">&quot;وقد وافق الفراغ من طبعه صبيحة أسري برسول الله صلى الله عليه وسلم يوم السابع والعشرين من شهر المحرم من عام 1353 هجرية&quot;Colophon.</subfield>
	</datafield>
	<datafield ind1="1" ind2=" " tag="880">
		<subfield code="6">700-11</subfield>
		<subfield code="a">صاوي، محمد إسماعيل عبد الله.</subfield>
	</datafield>
	<datafield ind1="0" ind2=" " tag="880">
		<subfield code="6">700-12</subfield>
		<subfield code="a">محمد بن حبيب،</subfield>
		<subfield code="d">-860.</subfield>
	</datafield>
	<datafield ind1=" " ind2=" " tag="959">
		<subfield code="a">NNU</subfield>
		<subfield code="b">WEB</subfield>
		<subfield code="c">GENI</subfield>
		<subfield code="t">0</subfield>
		<subfield code="m">Electronic access</subfield>
		<subfield code="s">01</subfield>
	</datafield>
	<datafield ind1=" " ind2=" " tag="999">
		<subfield code="i">UaCaAUL_b11854583</subfield>
		<subfield code="o">(OCoLC)ocm27857107</subfield>
		<subfield code="s">auc_aco001047</subfield>
		<subfield code="e">(ERROR-880)</subfield>
		<subfield code="s">auc_aco001047</subfield>
	</datafield>
</record>
